
%%%%%% DISCUSSION %%%%%%%

@article{T03:13,
	title={The ubiquitin-fold modifier 1 (Ufm1) cascade of Caenorhabditis elegans},
	author={Hertel, Patrick and Daniel, Jens and Stegehake, Dirk and Vaupel, Hannah and Kailayangiri, Sareetha and Gruel, Clio and Woltersdorf, Christian and Liebau, Eva},
	journal={Journal of Biological Chemistry},
	volume={288},
	number={15},
	pages={10661--10671},
	year={2013},
	publisher={ASBMB}
}

@article{Y37:03,
	title={Caenorhabditis elegans nucleoporins Nup93 and Nup205 determine the limit of nuclear pore complex size exclusion in vivo},
	author={Galy, Vincent and Mattaj, Iain W and Askjaer, Peter},
	journal={Molecular biology of the cell},
	volume={14},
	number={12},
	pages={5104--5115},
	year={2003},
	publisher={Am Soc Cell Biol}
}

@article{F27:16,
	title={Developmental defects of Caenorhabditis elegans lacking branched-chain $\alpha$-Ketoacid dehydrogenase are mainly caused by monomethyl branched-chain fatty acid deficiency},
	author={Jia, Fan and Cui, Mingxue and Than, Minh T and Han, Min},
	journal={Journal of Biological Chemistry},
	volume={291},
	number={6},
	pages={2967--2973},
	year={2016},
	publisher={ASBMB}
}

@article{uniprot:18,
	title={UniProt: a worldwide hub of protein knowledge},
	author={UniProt Consortium},
	journal={Nucleic acids research},
	volume={47},
	number={D1},
	pages={D506--D515},
	year={2018},
	publisher={Oxford University Press}
}

@article{idp:18,
	title={IDP-denovo: de novo transcriptome assembly and isoform annotation by hybrid sequencing},
	author={Fu, Shuhua and Ma, Yingke and Yao, Hui and Xu, Zhichao and Chen, Shilin and Song, Jingyuan and Au, Kin Fai},
	journal={Bioinformatics},
	volume={34},
	number={13},
	pages={2168--2176},
	year={2018},
	publisher={Oxford University Press}
}

@article{smrt:ont:16,
	title={The Oxford Nanopore MinION: delivery of nanopore sequencing to the genomics community},
	author={Jain, Miten and Olsen, Hugh E and Paten, Benedict and Akeson, Mark},
	journal={Genome biology},
	volume={17},
	number={1},
	pages={239},
	year={2016},
	publisher={BioMed Central}
}

@article{smrt:17,
	title={Comprehensive comparison of Pacific Biosciences and Oxford Nanopore Technologies and their applications to transcriptome analysis},
	author={Weirather, Jason L and de Cesare, Mariateresa and Wang, Yunhao and Piazza, Paolo and Sebastiano, Vittorio and Wang, Xiu-Jie and Buck, David and Au, Kin Fai},
	journal={F1000Research},
	volume={6},
	year={2017},
	publisher={Faculty of 1000 Ltd}
}

@article{smrt:pacbio:09,
	title={Real-time DNA sequencing from single polymerase molecules},
	author={Eid, John and Fehr, Adrian and Gray, Jeremy and Luong, Khai and Lyle, John and Otto, Geoff and Peluso, Paul and Rank, David and Baybayan, Primo and Bettman, Brad and others},
	journal={Science},
	volume={323},
	number={5910},
	pages={133--138},
	year={2009},
	publisher={American Association for the Advancement of Science}
}

@article{celegans_splicing:17,
	title={The combinatorial control of alternative splicing in C. elegans},
	author={Tan, June H and Fraser, Andrew G},
	journal={PLoS genetics},
	volume={13},
	number={11},
	pages={e1007033},
	year={2017},
	publisher={Public Library of Science}
}

@article{optimization:10,
	title={Optimization of de novo transcriptome assembly from next-generation sequencing data},
	author={Surget-Groba, Yann and Montoya-Burgos, Juan I},
	journal={Genome research},
	volume={20},
	number={10},
	pages={1432--1440},
	year={2010},
	publisher={Cold Spring Harbor Lab}
}

@article{arca_function:88,
	title={arcA (dye), a global regulatory gene in Escherichia coli mediating repression of enzymes in aerobic pathways},
	author={Iuchi, S and Lin, ECe},
	journal={Proceedings of the National Academy of Sciences},
	volume={85},
	number={6},
	pages={1888--1892},
	year={1988},
	publisher={National Acad Sciences}
}

@article{arca_study:15,
	title={ArcA controls metabolism, chemotaxis, and motility contributing to the pathogenicity of avian pathogenic Escherichia coli},
	author={Jiang, Fengwei and An, Chunxia and Bao, Yinli and Zhao, Xuefeng and Jernigan, Robert L and Lithio, Andrew and Nettleton, Dan and Li, Ling and Wurtele, Eve Syrkin and Nolan, Lisa K and others},
	journal={Infection and immunity},
	volume={83},
	number={9},
	pages={3545--3554},
	year={2015},
	publisher={Am Soc Microbiol}
}

@article{gene_clustering:19,
	title={Application of Improved SOM Network in Gene Data Cluster Analysis},
	author={Nan, Feng and Li, Yang and Jia, XueYong and Dong, LiYan and Chen, YongJie},
	journal={Measurement},
	year={2019},
	volume = {145},
	pages = {370--378},
	publisher={Elsevier}
}

@article{gene_clustering:16,
	title={A new clustering method of gene expression data based on multivariate Gaussian mixture models},
	author={Liu, Zhe and Song, Yu-qing and Xie, Cong-hua and Tang, Zheng},
	journal={Signal, Image and Video Processing},
	volume={10},
	number={2},
	pages={359--368},
	year={2016},
	publisher={Springer}
}

@article{misassembly:15,
	title={Misassembly detection using paired-end sequence reads and optical mapping data},
	author={Muggli, Martin D and Puglisi, Simon J and Ronen, Roy and Boucher, Christina},
	journal={Bioinformatics},
	volume={31},
	number={12},
	pages={i80--i88},
	year={2015},
	publisher={Oxford University Press}
}

@article{16SrRNA:13,
	title={CLUSTOM: a novel method for clustering 16S rRNA next generation sequences by overlap minimization},
	author={Hwang, Kyuin and Oh, Jeongsu and Kim, Tae-Kyung and Kim, Byung Kwon and Yu, Dong Su and Hou, Bo Kyeng and Caetano-Anoll{\'e}s, Gustavo and Hong, Soon Gyu and Kim, Kyung Mo},
	journal={PloS one},
	volume={8},
	number={5},
	pages={e62623},
	year={2013},
	publisher={Public Library of Science}
}


@article{Rana:16,
	title={Comparison of de novo transcriptome assemblers and k-mer strategies using the killifish, Fundulus heteroclitus},
	author={Rana, Satshil B and Zadlock IV, Frank J and Zhang, Ziping and Murphy, Wyatt R and Bentivegna, Carolyn S},
	journal={PLoS One},
	volume={11},
	number={4},
	pages={e0153104},
	year={2016},
	publisher={Public Library of Science}
}

%%%%%% ENDE DISCUSSION %%%%%%%%%

@article{splicing:03,
	title={Mechanisms of alternative pre-messenger RNA splicing},
	author={Black, Douglas L},
	journal={Annual review of biochemistry},
	volume={72},
	number={1},
	pages={291--336},
	year={2003},
	publisher={Annual Reviews 4139 El Camino Way, PO Box 10139, Palo Alto, CA 94303-0139, USA}
}

@article{ncRNA:05,
	title={Non-coding RNAs: hope or hype?},
	author={H{\"u}ttenhofer, Alexander and Schattner, Peter and Polacek, Norbert},
	journal={TRENDS in Genetics},
	volume={21},
	number={5},
	pages={289--297},
	year={2005},
	publisher={Elsevier}
}

@article{transcriptome_redundancy:15,
	title={Removal of redundant contigs from de novo RNA-Seq assemblies via homology search improves accurate detection of differentially expressed genes},
	author={Ono, Hanako and Ishii, Kazuo and Kozaki, Toshinori and Ogiwara, Isao and Kanekatsu, Motoki and Yamada, Tetsuya},
	journal={BMC genomics},
	volume={16},
	number={1},
	pages={1031},
	year={2015},
	publisher={BioMed Central}
}

@article{transcriptome_misassemblies:11,
	title={Next-generation transcriptome assembly},
	author={Martin, Jeffrey A and Wang, Zhong},
	journal={Nature Reviews Genetics},
	volume={12},
	number={10},
	pages={671},
	year={2011},
	publisher={Nature Publishing Group}
}

@article{transcriptome_isoforms:18,
	title={Androgen-dependent alternative mRNA isoform expression in prostate cancer cells},
	author={Munkley, Jennifer and Maia, Teresa M and Ibarluzea, Nekane and Livermore, Karen E and Vodak, Daniel and Ehrmann, Ingrid and James, Katherine and Rajan, Prabhakar and Barbosa-Morais, Nuno L and Elliott, David J},
	journal={F1000Research},
	volume={7},
	year={2018},
	publisher={Faculty of 1000 Ltd}
}

@article{rev_rnaseq_problems:11,
	title={RNA sequencing: advances, challenges and opportunities},
	author={Ozsolak, Fatih and Milos, Patrice M},
	journal={Nature reviews genetics},
	volume={12},
	number={2},
	pages={87},
	year={2011},
	publisher={Nature Publishing Group}
}

@article{rnaseq:09,
	title={RNA-Seq: a revolutionary tool for transcriptomics},
	author={Wang, Zhong and Gerstein, Mark and Snyder, Michael},
	journal={Nature reviews genetics},
	volume={10},
	number={1},
	pages={57},
	year={2009},
	publisher={Nature Publishing Group}
}

@article{rev_rnaseq:17,
	title={RNA-Seq methods for transcriptome analysis},
	author={Hrdlickova, Radmila and Toloue, Masoud and Tian, Bin},
	journal={Wiley Interdisciplinary Reviews: RNA},
	volume={8},
	number={1},
	pages={e1364},
	year={2017},
	publisher={Wiley Online Library}
}

@article{rev_bruijn:11,
	title={Why are de Bruijn graphs useful for genome assembly?},
	author={Compeau, Phillip EC and Pevzner, Pavel A and Tesler, Glenn},
	journal={Nature biotechnology},
	volume={29},
	number={11},
	pages={987},
	year={2011},
	publisher={NIH Public Access}
}

@inproceedings{tSNE_common:19,
	title={Topological Methods for Visualization and Analysis of High Dimensional Single-Cell RNA Sequencing Data.},
	author={Wang, Tongxin and Johnson, Travis and Zhang, Jie and Huang, Kun},
	booktitle={Pacific Symposium on Biocomputing},
	pages={350--361},
	volume = {24},
	year={2019},
	organization={World Scientific}
}

@article{comprehensive-clustering:15,
	title={A comprehensive survey of clustering algorithms},
	author={Xu, Dongkuan and Tian, Yingjie},
	journal={Annals of Data Science},
	volume={2},
	number={2},
	pages={165--193},
	year={2015},
	publisher={Springer}
}

@article{uniref:07,
	title={UniRef: comprehensive and non-redundant UniProt reference clusters},
	author={Suzek, Baris E and Huang, Hongzhan and McGarvey, Peter and Mazumder, Raja and Wu, Cathy H},
	journal={Bioinformatics},
	volume={23},
	number={10},
	pages={1282--1288},
	year={2007},
	publisher={Oxford University Press}
}

@article{uclust:10,
	title={Search and clustering orders of magnitude faster than BLAST},
	author={Edgar, Robert C},
	journal={Bioinformatics},
	volume={26},
	number={19},
	pages={2460--2461},
	year={2010},
	publisher={Oxford University Press}
}

@article{hard-vs-soft:14,
	title={A comparative study between fuzzy clustering algorithm and hard clustering algorithm},
	author = {Bora, Dibya Jyoti and Gupta, Dr Anil Kumar},
	journal = {International Journal of Computer Trends and Technology},
	volume = {10},
	number = {2},
	pages = {108--113},
	year = {2014}
}

@book{graph-theory:13,
	title={Handbook of graph theory},
	author={Gross, Jonathan L and Yellen, Jay and Zhang, Ping},
	year={2013},
	publisher={Chapman and Hall/CRC},
	address = {New York},
	edition = {2nd},
}

@article{mean-shift:95,
	title={Mean shift, mode seeking, and clustering},
	author={Cheng, Yizong},
	journal={IEEE transactions on pattern analysis and machine intelligence},
	volume={17},
	number={8},
	pages={790--799},
	year={1995},
	publisher={IEEE}
}

@article{distribution-based:ex-max:09,
	title={Variable selection for clustering with Gaussian mixture models},
	author={Maugis, Cathy and Celeux, Gilles and Martin-Magniette, Marie-Laure},
	journal={Biometrics},
	volume={65},
	number={3},
	pages={701--709},
	year={2009},
	publisher={Wiley Online Library}
}

@inproceedings{density-based:05,
	title={Density-based clustering of uncertain data},
	author={Kriegel, Hans-Peter and Pfeifle, Martin},
	booktitle={Proceedings of the eleventh ACM SIGKDD international conference on Knowledge discovery in data mining},
	pages={672--677},
	year={2005},
	organization={ACM},
	address = {New York, NY, USA}
}

@article{density-based:11,
	title={Density-based clustering},
	author={Kriegel, Hans-Peter and Kr{\"o}ger, Peer and Sander, J{\"o}rg and Zimek, Arthur},
	journal={Wiley Interdisciplinary Reviews: Data Mining and Knowledge Discovery},
	volume={1},
	number={3},
	pages={231--240},
	year={2011},
	publisher={Wiley Online Library}
}

@article{distribution-based:03,
	title={Discovering cluster-based local outliers},
	author={He, Zengyou and Xu, Xiaofei and Deng, Shengchun},
	journal={Pattern Recognition Letters},
	volume={24},
	number={9-10},
	pages={1641--1650},
	year={2003},
	publisher={Elsevier}
}

@article{distribution-based:04,
	title={Recent advances in clustering: A brief survey},
	author={Kotsiantis, Sotiris and Pintelas, Panayiotis},
	journal={WSEAS Transactions on Information Science and Applications},
	volume={1},
	number={1},
	pages={73--81},
	year={2004}
}

@inproceedings{k-means:01,
	title={Constrained k-means clustering with background knowledge},
	author={Wagstaff, Kiri and Cardie, Claire and Rogers, Seth and Schr{\"o}dl, Stefan and others},
	booktitle={Icml},
	volume={1},
	pages={577--584},
	year={2001}
}

@article{centroid:14,
	title={Centroid based clustering algorithms - A clarion study},
	author={Uppada, Santosh Kumar},
	journal={Int. J. Comput. Sci. Inf. Technol},
	volume={5},
	pages={7309--7313},
	year={2014}
}

@article{linkage_criterion:13,
	title={Comparison of hierarchical cluster analysis methods by cophenetic correlation},
	author={Sara{\c{c}}li, Sinan and Do{\u{g}}an, Nurhan and Do{\u{g}}an, {\.I}smet},
	journal={Journal of Inequalities and Applications},
	volume={2013},
	number={1},
	pages={203},
	year={2013},
	publisher={SpringerOpen}
}

@article{hierarchical:09,
	title={A comparison of hierarchical methods for clustering functional data},
	author={Ferreira, Laura and Hitchcock, David B},
	journal={Communications in Statistics-Simulation and Computation},
	volume={38},
	number={9},
	pages={1925--1949},
	year={2009},
	publisher={Taylor \& Francis}
}

@inproceedings{graph-based:07,
	title={A graph-based clustering method and its applications},
	author={Foggia, Pasquale and Percannella, Gennaro and Sansone, Carlo and Vento, Mario},
	booktitle={International Symposium on Brain, Vision, and Artificial Intelligence},
	pages={277--287},
	year={2007},
	organization={Springer},
	publisher = {Springer},
	address = {Berlin, Heidelberg}
}

@inproceedings{k-near:11,
	title={Efficient k-nearest neighbor graph construction for generic similarity measures},
	author={Dong, Wei and Moses, Charikar and Li, Kai},
	booktitle={Proceedings of the 20th international conference on World wide web},
	pages={577--586},
	year={2011},
	organization={ACM},
	address = {New York, NY, USA},
}

@article{ecoli:99,
	title={Functional genomics: expression analysis of Escherichia coli growing on minimal and rich media},
	author={Tao, Han and Bausch, Christoph and Richmond, Craig and Blattner, Frederick R and Conway, Tyrrell},
	journal={Journal of bacteriology},
	volume={181},
	number={20},
	pages={6425--6440},
	year={1999},
	publisher={Am Soc Microbiol}
}

@article{hoelzer:19,
	title={De novo transcriptome assembly: A comprehensive cross-species comparison of short-read RNA-Seq assemblers},
	author={H{\"o}lzer, Martin and Marz, Manja},
	journal={GigaScience},
	volume={8},
	number={5},
	pages={giz039},
	year={2019},
	publisher={Oxford University Press}
}

@article{cl_technique:17,
	title={A review of clustering techniques and developments},
	author={Saxena, Amit and Prasad, Mukesh and Gupta, Akshansh and Bharill, Neha and Patel, Om Prakash and Tiwari, Aruna and Er, Meng Joo and Ding, Weiping and Lin, Chin-Teng},
	journal={Neurocomputing},
	volume={267},
	pages={664--681},
	year={2017},
	publisher={Elsevier}
}

@article{clustering_review:18,
	title={Sequence clustering in bioinformatics: an empirical study},
	author={Zou, Quan and Lin, Gang and Jiang, Xingpeng and Liu, Xiangrong and Zeng, Xiangxiang},
	journal={Briefings in bioinformatics},
	year={2018}
}

@article{umap_better:19,
	title={Dimensionality reduction for visualizing single-cell data using UMAP},
	author={Becht, Etienne and McInnes, Leland and Healy, John and Dutertre, Charles-Antoine and Kwok, Immanuel WH and Ng, Lai Guan and Ginhoux, Florent and Newell, Evan W},
	journal={Nature biotechnology},
	volume={37},
	number={1},
	pages={38--44},
	year={2019},
	publisher={Nature Publishing Group}
}

@article{binning:16,
	title={Accurate binning of metagenomic contigs via automated clustering sequences using information of genomic signatures and marker genes},
	author={Lin, Hsin-Hung and Liao, Yu-Chieh},
	journal={Scientific reports},
	volume={6},
	pages={24175},
	year={2016},
	publisher={Nature Publishing Group}
}

%%%% INTRODRUCTION

@article{Rai:18,
	title={Advantages of RNA-seq compared to RNA microarrays for transcriptome profiling of anterior cruciate ligament tears},
	author={Rai, Muhammad Farooq and Tycksen, Eric D and Sandell, Linda J and Brophy, Robert H},
	journal={Journal of Orthopaedic Research},
	volume={36},
	number={1},
	pages={484--497},
	year={2018},
	publisher={Wiley Online Library}
}

@article{Wang:19,
	title={RNA sequencing (RNA-Seq) and its application in ovarian cancer},
	author={Wang, Jinglu and Dean, Dylan C and Hornicek, Francis J and Shi, Huirong and Duan, Zhenfeng},
	journal={Gynecologic oncology},
	volume={152},
	number={1},
	pages={194--201},
	year={2019},
	publisher={Elsevier}
}

@incollection{Rodriguez-Garcia:17,
	title={RNA-Seq-based comparative transcriptomics: RNA preparation and bioinformatics},
	author={Rodr{\'\i}guez-Garc{\'\i}a, Antonio and Sola-Landa, Alberto and Barreiro, Carlos},
	booktitle={Microbial Steroids},
	pages={59--72},
	year={2017},
	publisher={Springer},
	address={New York, NY, USA}
}

@article{Wang:09,
	title={RNA-Seq: a revolutionary tool for transcriptomics},
	author={Wang, Zhong and Gerstein, Mark and Snyder, Michael},
	journal={Nature reviews genetics},
	volume={10},
	number={1},
	pages={57},
	year={2009},
	publisher={Nature Publishing Group}
}

@article{Fitzpatrick:05,
	title={Candidate genes for behavioural ecology},
	author={Fitzpatrick, Mark J and Ben-Shahar, Yehuda and Smid, Hans M and Vet, Louise EM and Robinson, Gene E and Sokolowski, Marla B},
	journal={Trends in Ecology \& Evolution},
	volume={20},
	number={2},
	pages={96--104},
	year={2005},
	publisher={Elsevier}
}

@article{Bhargava:13,
	title={Identification of cytokinin-responsive genes using microarray meta-analysis and RNA-Seq in Arabidopsis},
	author={Bhargava, Apurva and Clabaugh, Ivory and To, Jenn P and Maxwell, Bridey B and Chiang, Yi-Hsuan and Schaller, G Eric and Loraine, Ann and Kieber, Joseph J},
	journal={Plant Physiology},
	volume={162},
	number={1},
	pages={272--294},
	year={2013},
	publisher={Am Soc Plant Biol}
}

@article{Tarca:06,
	title={Analysis of microarray experiments of gene expression profiling},
	author={Tarca, Adi L and Romero, Roberto and Draghici, Sorin},
	journal={American journal of obstetrics and gynecology},
	volume={195},
	number={2},
	pages={373--388},
	year={2006},
	publisher={Elsevier}
}

@article{kmerGenie:13,
	title={Informed and automated k-mer size selection for genome assembly},
	author={Chikhi, Rayan and Medvedev, Paul},
	journal={Bioinformatics},
	volume={30},
	number={1},
	pages={31--37},
	year={2013},
	publisher={Oxford University Press}
}

@article{Durai:16,
	title={Informed k mer selection for de novo transcriptome assembly},
	author={Durai, Dilip A and Schulz, Marcel H},
	journal={Bioinformatics},
	volume={32},
	number={11},
	pages={1670--1677},
	year={2016},
	publisher={Oxford University Press}
}

@article{Jacques:18,
	title={De novo clustering of long reads by gene from transcriptomics data},
	author={Marchet, Camille and Lecompte, Lolita and Silva, Corinne Da and Cruaud, Corinne and Aury, Jean-Marc and Nicolas, Jacques and Peterlongo, Pierre},
	journal={Nucleic acids research},
	volume={47},
	number={1},
	pages={e2--e2},
	year={2018},
	publisher={Oxford University Press}
}

@misc{growth,
	author = {Pubmed},
	title = {Search results for the term 'RNA-Seq'.},
	howpublished = "\url{https://www.ncbi.nlm.nih.gov/pubmed/?term=RNA-Seq}",
	year = {2019}, 
	note = "[Online; accessed 2019-03-18]"
}
