% Encoding: ISO-8859-1

@article{gmap:05,
	title={GMAP: a genomic mapping and alignment program for mRNA and EST sequences},
	author={Wu, Thomas D and Watanabe, Colin K},
	journal={Bioinformatics},
	volume={21},
	number={9},
	pages={1859--1875},
	year={2005},
	publisher={Oxford University Press}
}

@article{hmmer:11,
	title={Accelerated profile HMM searches},
	author={Eddy, Sean R},
	journal={PLoS computational biology},
	volume={7},
	number={10},
	pages={e1002195},
	year={2011},
	publisher={Public Library of Science}
}

@article{intervene:17,
	title={Intervene: a tool for intersection and visualization of multiple gene or genomic region sets},
	author={Khan, Aziz and Mathelier, Anthony},
	journal={BMC bioinformatics},
	volume={18},
	number={1},
	pages={287},
	year={2017},
	publisher={BioMed Central}
}

@article{muscle:04,
	title={MUSCLE: multiple sequence alignment with high accuracy and high throughput},
	author={Edgar, Robert C},
	journal={Nucleic acids research},
	volume={32},
	number={5},
	pages={1792--1797},
	year={2004},
	publisher={Oxford University Press}
}

@article{jalview:09,
	title={Jalview Version 2â€”a multiple sequence alignment editor and analysis workbench},
	author={Waterhouse, Andrew M and Procter, James B and Martin, David MA and Clamp, Mich{\`e}le and Barton, Geoffrey J},
	journal={Bioinformatics},
	volume={25},
	number={9},
	pages={1189--1191},
	year={2009},
	publisher={Oxford University Press}
}

@inproceedings{dbscan:96,
	title={A density-based algorithm for discovering clusters in large spatial databases with noise.},
	author={Ester, Martin and Kriegel, Hans-Peter and Sander, J{\"o}rg and Xu, Xiaowei and others},
	booktitle={Kdd},
	volume={96},
	pages={226--231},
	year={1996}
}

@article{umap_hdbscan_usage:19,
	title={Assembly-free single-molecule nanopore sequencing recovers complete virus genomes from natural microbial communities},
	author={Beaulaurier, John and Luo, Elaine and Eppley, John and Den Uyl, Paul and Dai, Xiaoguang and Turner, Daniel J and Pendelton, Matthew and Juul, Sissel and Harrington, Eoghan and DeLong, Edward F},
	journal={bioRxiv},
	pages={619684},
	year={2019},
	publisher={Cold Spring Harbor Laboratory}
}

@article{mcl:00,
	title={Graph clustering via a discrete uncoupling process},
	author={Van Dongen, Stijn},
	journal={SIAM Journal on Matrix Analysis and Applications},
	volume={30},
	number={1},
	pages={121--141},
	year={2008},
	publisher={SIAM}
}

@article{Shannon:16,
	title={Shannon: An information-optimal de novo RNA-seq assembler},
	author={Kannan, Sreeram and Hui, Joseph and Mazooji, Kayvon and Pachter, Lior and Tse, David},
	journal={bioRxiv},
	pages={039230},
	year={2016},
	publisher={Cold Spring Harbor Laboratory}
}

@article{Trans-ABySS:10,
	title={De novo assembly and analysis of RNA-seq data},
	author={Robertson, Gordon and Schein, Jacqueline and Chiu, Readman and Corbett, Richard and Field, Matthew and Jackman, Shaun D and Mungall, Karen and Lee, Sam and Okada, Hisanaga Mark and Qian, Jenny Q and others},
	journal={Nature methods},
	volume={7},
	number={11},
	pages={909},
	year={2010},
	publisher={Nature Publishing Group}
}

@article{umap:18,
	title={Umap: Uniform manifold approximation and projection for dimension reduction},
	author={McInnes, Leland and Healy, John and Melville, James},
	journal={arXiv preprint arXiv:1802.03426},
	year={2018}
}

@article{linclust:18,
	title={Clustering huge protein sequence sets in linear time},
	author={Steinegger, Martin and S{\"o}ding, Johannes},
	journal={Nature communications},
	volume={9},
	number={1},
	pages={2542},
	year={2018},
	publisher={Nature Publishing Group}
}

@article{hisat2:15,
	title={HISAT: a fast spliced aligner with low memory requirements},
	author={Kim, Daehwan and Langmead, Ben and Salzberg, Steven L},
	journal={Nature methods},
	volume={12},
	number={4},
	pages={357},
	year={2015},
	publisher={Nature Publishing Group}
}

@article{busco:15,
	title={BUSCO: assessing genome assembly and annotation completeness with single-copy orthologs},
	author={Sim{\~a}o, Felipe A and Waterhouse, Robert M and Ioannidis, Panagiotis and Kriventseva, Evgenia V and Zdobnov, Evgeny M},
	journal={Bioinformatics},
	volume={31},
	number={19},
	pages={3210--3212},
	year={2015},
	publisher={Oxford University Press}
}

@article{busco:18,
	title={BUSCO applications from quality assessments to gene prediction and phylogenomics},
	author={Waterhouse, Robert M and Seppey, Mathieu and Sim{\~a}o, Felipe A and Manni, Mos{\`e} and Ioannidis, Panagiotis and Klioutchnikov, Guennadi and Kriventseva, Evgenia V and Zdobnov, Evgeny M},
	journal={Molecular biology and evolution},
	volume={35},
	number={3},
	pages={543--548},
	year={2017},
	publisher={Oxford University Press}
}

@article{blast:90,
	title={Basic local alignment search tool},
	author={Altschul, Stephen F and Gish, Warren and Miller, Webb and Myers, Eugene W and Lipman, David J},
	journal={Journal of molecular biology},
	volume={215},
	number={3},
	pages={403--410},
	year={1990},
	publisher={Elsevier}
}

@article{salmon:17,
	title={Salmon provides fast and bias-aware quantification of transcript expression},
	author={Patro, Rob and Duggal, Geet and Love, Michael I and Irizarry, Rafael A and Kingsford, Carl},
	journal={Nature methods},
	volume={14},
	number={4},
	pages={417},
	year={2017},
	publisher={Nature Publishing Group}
}

@article{meshclust2:18,
	title={MeShClust2: Application of alignment-free identity scores in clustering long DNA sequences},
	author={James, Benjamin and Girgis, Hani Z},
	journal={bioRxiv},
	pages={451278},
	year={2018},
	publisher={Cold Spring Harbor Laboratory}
}

@article{meshclust:18,
	title={MeShClust: an intelligent tool for clustering DNA sequences},
	author={James, Benjamin T and Luczak, Brian B and Girgis, Hani Z},
	journal={Nucleic acids research},
	volume={46},
	number={14},
	pages={e83--e83},
	year={2018},
	publisher={Oxford University Press}
}

@article{hdbscan,
	title={hdbscan: Hierarchical density based clustering.},
	author={McInnes, Leland and Healy, John and Astels, Steve},
	journal={J. Open Source Software},
	volume={2},
	number={11},
	pages={205},
	year={2017}
}

@article{flux-simulator,
	title={Modelling and simulating generic RNA-Seq experiments with the flux simulator},
	author={Griebel, Thasso and Zacher, Benedikt and Ribeca, Paolo and Raineri, Emanuele and Lacroix, Vincent and Guig{\'o}, Roderic and Sammeth, Michael},
	journal={Nucleic acids research},
	volume={40},
	number={20},
	pages={10073--10083},
	year={2012},
	publisher={Oxford University Press}
}

@article{OysterRiverProtocol:18,
	title={The Oyster River Protocol: a multi-assembler and kmer approach for de novo transcriptome assembly},
	author={MacManes, Matthew D},
	journal={PeerJ},
	volume={6},
	pages={e5428},
	year={2018},
	publisher={PeerJ Inc.}
}

@article{rnaSPAdes:18,
	title={rnaSPAdes: a de novo transcriptome assembler and its application to RNA-Seq data},
	author={Bushmanova, Elena and Antipov, Dmitry and Lapidus, Alla and Prjibelski, Andrey D},
	journal={GigaScience},
	volume={8},
	number={9},
	pages={giz100},
	year={2019},
	publisher={Oxford University Press}
}

@article{Trinity:11,
	title={Full-length transcriptome assembly from RNA-Seq data without a reference genome},
	author={Grabherr, Manfred G and Haas, Brian J and Yassour, Moran and Levin, Joshua Z and Thompson, Dawn A and Amit, Ido and Adiconis, Xian and Fan, Lin and Raychowdhury, Raktima and Zeng, Qiandong and others},
	journal={Nature biotechnology},
	volume={29},
	number={7},
	pages={644},
	year={2011},
	publisher={Nature Publishing Group}
}

@article{SOAPdenovo-Trans:14,
	title={SOAPdenovo-Trans: de novo transcriptome assembly with short RNA-Seq reads},
	author={Xie, Yinlong and Wu, Gengxiong and Tang, Jingbo and Luo, Ruibang and Patterson, Jordan and Liu, Shanlin and Huang, Weihua and He, Guangzhu and Gu, Shengchang and Li, Shengkang and others},
	journal={Bioinformatics},
	volume={30},
	number={12},
	pages={1660--1666},
	year={2014},
	publisher={Oxford University Press}
}

@article{fastp:18,
	title={fastp: an ultra-fast all-in-one FASTQ preprocessor},
	author={Chen, Shifu and Zhou, Yanqing and Chen, Yaru and Gu, Jia},
	journal={Bioinformatics},
	volume={34},
	number={17},
	pages={i884--i890},
	year={2018},
	publisher={Oxford University Press}
}

@article{cd-hit:01,
	title={Clustering of highly homologous sequences to reduce the size of large protein databases},
	author={Li, Weizhong and Jaroszewski, Lukasz and Godzik, Adam},
	journal={Bioinformatics},
	volume={17},
	number={3},
	pages={282--283},
	year={2001},
	publisher={Oxford University Press}
}

@article{cd-hit:06,
	title={Cd-hit: a fast program for clustering and comparing large sets of protein or nucleotide sequences},
	author={Li, Weizhong and Godzik, Adam},
	journal={Bioinformatics},
	volume={22},
	number={13},
	pages={1658--1659},
	year={2006},
	publisher={Oxford University Press}
}

@article{cd-hit:12,
	title={CD-HIT: accelerated for clustering the next-generation sequencing data},
	author={Fu, Limin and Niu, Beifang and Zhu, Zhengwei and Wu, Sitao and Li, Weizhong},
	journal={Bioinformatics},
	volume={28},
	number={23},
	pages={3150--3152},
	year={2012},
	publisher={Oxford University Press}
}

@article{TransRate:16,
	title={TransRate: reference-free quality assessment of de novo transcriptome assemblies},
	author={Smith-Unna, Richard and Boursnell, Chris and Patro, Rob and Hibberd, Julian M and Kelly, Steven},
	journal={Genome research},
	volume={26},
	number={8},
	pages={1134--1144},
	year={2016},
	publisher={Cold Spring Harbor Lab}
}

@article{rnaQUAST:16,
	title={rnaQUAST: a quality assessment tool for de novo transcriptome assemblies},
	author={Bushmanova, Elena and Antipov, Dmitry and Lapidus, Alla and Suvorov, Vladimir and Prjibelski, Andrey D},
	journal={Bioinformatics},
	volume={32},
	number={14},
	pages={2210--2212},
	year={2016},
	publisher={Oxford University Press}
}

@article{DETONATE:14,
	title={Evaluation of de novo transcriptome assemblies from RNA-Seq data},
	author={Li, Bo and Fillmore, Nathanael and Bai, Yongsheng and Collins, Mike and Thomson, James A and Stewart, Ron and Dewey, Colin N},
	journal={Genome biology},
	volume={15},
	number={12},
	pages={553},
	year={2014},
	publisher={BioMed Central}
}

@article{Snakemake:12,
	title={Snakemakeâ€”a scalable bioinformatics workflow engine},
	author={K{\"o}ster, Johannes and Rahmann, Sven},
	journal={Bioinformatics},
	volume={28},
	number={19},
	pages={2520--2522},
	year={2012},
	publisher={Oxford University Press}
}

@article{Trimmomatic:14,
	title={Trimmomatic: a flexible trimmer for Illumina sequence data},
	author={Bolger, Anthony M and Lohse, Marc and Usadel, Bjoern},
	journal={Bioinformatics},
	volume={30},
	number={15},
	pages={2114--2120},
	year={2014},
	publisher={Oxford University Press}
}

@article{RCorrector:15,
	title={Rcorrector: efficient and accurate error correction for Illumina RNA-seq reads},
	author={Song, Li and Florea, Liliana},
	journal={GigaScience},
	volume={4},
	number={1},
	pages={48},
	year={2015},
	publisher={BioMed Central}
}

@article{OrthoFinder:15,
	title={OrthoFinder: solving fundamental biases in whole genome comparisons dramatically improves orthogroup inference accuracy},
	author={Emms, David M and Kelly, Steven},
	journal={Genome biology},
	volume={16},
	number={1},
	pages={157},
	year={2015},
	publisher={BioMed Central}
}

@article{Grouper:18,
	title={Grouper: graph-based clustering and annotation for improved de novo transcriptome analysis},
	author={Malik, Laraib and Almodaresi, Fatemeh and Patro, Rob},
	journal={Bioinformatics},
	volume={34},
	number={19},
	pages={3265--3272},
	year={2018},
	publisher={Oxford University Press}
}
